@Book{knuth:89,
  author = 	 {Donald E. Knuth},
  title = 	 {The {\TeX} Book},
  publisher = 	 {Addison-Wesley},
  year = 	 {1989},
  edition = 	 {15th}
}



@InCollection{smith:99,
  author = 	 {A. Smith and B. Jones},
  title = 	 {On the Complexity of Computing},
  booktitle = 	 {Advances in Computer Science},
  pages = 	 {555--566},
  publisher =    {Publishing Press},
  year = 	 {1999},
  editor = 	 {A. B. Smith-Jones}
}

% Citation model for anonymized self-citation.
@BOOK{Lamport:LaTeX,
	AUTHOR = "Leslie Lamport",
	TITLE = "LaTeX User's Guide and Document Reference Manual",
	PUBLISHER = "Addison-Wesley Publishing Company",
	ADDRESS = "Reading, Massachusetts",
	YEAR = "1986"	}

@BOOK{Lamport:LaTeX-hidden,
	AUTHOR = "Removed for blind review",
	TITLE = "Removed for blind review",
	PUBLISHER = "Removed for blind review",
	ADDRESS = "Removed for blind review",
	YEAR = "Removed for blind review"	}


@misc{wiki:website,
    TITLE = "WiKi: Website",
    publisher="https://en.wikipedia.org/wiki/Website"

}